<?xml version="1.0" encoding="UTF-8"?><record xmlns="http://www.loc.gov/MARC21/slim" xmlns:cinclude="http://apache.org/cocoon/include/1.0" xmlns:zs="http://www.loc.gov/zing/srw/">
  <leader>00400cz  a2200133n  4500</leader>
  <controlfield tag="001">n  88672208 </controlfield>
  <controlfield tag="003">DLC</controlfield>
  <controlfield tag="005">20141210080831.0</controlfield>
  <controlfield tag="008">881103n| azannaab           |n aad      </controlfield>
  <datafield tag="010" ind1=" " ind2=" ">
    <subfield code="a">n  88672208 </subfield>
  </datafield>
  <datafield tag="040" ind1=" " ind2=" ">
    <subfield code="a">DLC</subfield>
    <subfield code="b">eng</subfield>
    <subfield code="e">rda</subfield>
    <subfield code="c">DLC</subfield>
    <subfield code="d">DLC</subfield>
  </datafield>
  <datafield tag="046" ind1=" " ind2=" ">
    <subfield code="f">1949</subfield>
  </datafield>
  <datafield tag="100" ind1="1" ind2=" ">
    <subfield code="a">Zwack, Michael,</subfield>
    <subfield code="d">1949-</subfield>
  </datafield>
  <datafield tag="670" ind1=" " ind2=" ">
    <subfield code="a">nuc88-124172: His Michael Zwack, c1985</subfield>
    <subfield code="b">(hdg. on NRU rept.: Zwack, Michael, 1949- ; usage: Michael Zwack)</subfield>
  </datafield>
</record>